%% This BibTeX bibliography file was created using BibDesk.
%% http://bibdesk.sourceforge.net/


%% Created for eariasca at 2015-07-10 19:01:59 -0700 


%% Saved with string encoding Unicode (UTF-8) 



@misc{satscan,
	Author = {Martin Kulldorff and {Information Management Services, Inc}},
	Date-Added = {2015-07-11 01:05:58 +0000},
	Date-Modified = {2015-07-11 01:13:36 +0000},
	Howpublished = {\url{http://www.satscan.org/}},
	Title = {SaTScan\texttrademark v9.4: Software for the spatial and space-time scan statistics.}}

@article{pozdnyakov2005martingale,
	Author = {Pozdnyakov, Vladimir and Glaz, Joseph and Kulldorff, Martin and Steele, J Michael},
	Date-Added = {2015-07-10 18:42:55 +0000},
	Date-Modified = {2015-07-10 18:42:55 +0000},
	Journal = {Annals of the Institute of Statistical Mathematics},
	Number = {1},
	Pages = {21--37},
	Publisher = {Springer},
	Title = {A martingale approach to scan statistics},
	Volume = {57},
	Year = {2005}}

@article{naus2004multiple,
	Author = {Naus, Joseph I and Wallenstein, Sylvan},
	Date-Added = {2015-07-10 18:40:55 +0000},
	Date-Modified = {2015-07-10 18:40:55 +0000},
	Journal = {Methodology and Computing in Applied Probability},
	Number = {4},
	Pages = {389--400},
	Publisher = {Springer},
	Title = {Multiple window and cluster size scan procedures},
	Volume = {6},
	Year = {2004}}

@incollection{krauth1998upper,
	Author = {Krauth, J},
	Booktitle = {Classification, Data Analysis, and Data Highways},
	Date-Added = {2015-07-10 18:39:13 +0000},
	Date-Modified = {2015-07-10 18:39:13 +0000},
	Pages = {155--163},
	Publisher = {Springer},
	Title = {Upper Bounds for the P-values of a Scan Statistic with a Variable Window},
	Year = {1998}}

@article{chen2006distribution,
	Author = {Chen, Jihong and Huo, Xiaoming},
	Date-Added = {2015-07-10 18:30:10 +0000},
	Date-Modified = {2015-07-10 18:30:10 +0000},
	Journal = {Journal of the American Statistical Association},
	Number = {473},
	Pages = {321--331},
	Publisher = {Taylor \& Francis},
	Title = {Distribution of the length of the longest significance run on a Bernoulli net and its applications},
	Volume = {101},
	Year = {2006}}

@article{haiman2006estimation,
	Author = {Haiman, G and Preda, C},
	Date-Added = {2015-07-10 18:29:39 +0000},
	Date-Modified = {2015-07-10 18:29:39 +0000},
	Journal = {Methodology and Computing in Applied Probability},
	Number = {3},
	Pages = {373--382},
	Publisher = {Springer},
	Title = {Estimation for the distribution of two-dimensional discrete scan statistics},
	Volume = {8},
	Year = {2006}}

@article{wang2014variable,
	Author = {Wang, Xiao and Glaz, Joseph},
	Date-Added = {2015-07-10 18:18:45 +0000},
	Date-Modified = {2015-07-10 18:18:45 +0000},
	Journal = {Communications in Statistics-Theory and Methods},
	Number = {10-12},
	Pages = {2489--2504},
	Publisher = {Taylor \& Francis},
	Title = {Variable window scan statistics for normal data},
	Volume = {43},
	Year = {2014}}

@article{glaz2004multiple,
	Author = {Glaz, Joseph and Zhang, Zhenkui},
	Date-Added = {2015-07-10 18:14:05 +0000},
	Date-Modified = {2015-07-10 18:14:05 +0000},
	Journal = {Journal of Applied Statistics},
	Number = {8},
	Pages = {967--980},
	Publisher = {Taylor \& Francis},
	Title = {Multiple window discrete scan statistics},
	Volume = {31},
	Year = {2004}}

@article{duczmal2006ess,
	Author = {Duczmal, L. and Kulldorff, M. and Huang, L.},
	Date-Added = {2014-08-05 15:34:49 -0700},
	Date-Modified = {2014-08-05 15:34:49 -0700},
	Journal = {Journal of Computational \& Graphical Statistics},
	Number = {2},
	Pages = {428--442},
	Publisher = {American Statistical Association},
	Title = {Evaluation of Spatial Scan Statistics for Irregularly Shaped Clusters},
	Volume = {15},
	Year = {2006}}

@article{kulldorff2006ess,
	Author = {Kulldorff, M. and Huang, L. and Pickle, L. and Duczmal, L.},
	Date-Added = {2014-08-05 15:34:35 -0700},
	Date-Modified = {2014-08-05 15:34:35 -0700},
	Journal = {Stat Med},
	Number = {22},
	Pages = {3929--43},
	Title = {{An elliptic spatial scan statistic.}},
	Volume = {25},
	Year = {2006}}

@book{MR611857,
	Author = {Adler, Robert J.},
	Date-Added = {2014-08-05 15:12:05 -0700},
	Date-Modified = {2014-08-05 15:12:23 -0700},
	Publisher = {John Wiley \& Sons, Ltd., Chichester},
	Title = {The geometry of random fields},
	Year = {1981}}

@article{sieg95,
	Author = {Siegmund, D. and Venkatraman, E. S.},
	Coden = {ASTSC7},
	Date-Added = {2014-08-05 13:28:34 -0700},
	Date-Modified = {2014-08-05 13:28:34 -0700},
	Fjournal = {The Annals of Statistics},
	Issn = {0090-5364},
	Journal = {Ann. Statist.},
	Mrclass = {62L10},
	Mrnumber = {MR1331667 (96c:62135)},
	Mrreviewer = {M. Hu{\v{s}}kov{\'a}},
	Number = {1},
	Pages = {255--271},
	Title = {Using the generalized likelihood ratio statistic for sequential detection of a change-point},
	Volume = {23},
	Year = {1995}}

@article{boutsikas,
	Author = {Boutsikas, Michael V. and Koutras, Markos V.},
	Coden = {JPRBAM},
	Date-Added = {2014-08-05 13:09:36 -0700},
	Date-Modified = {2014-08-05 13:09:36 -0700},
	Fjournal = {Journal of Applied Probability},
	Issn = {0021-9002},
	Journal = {J. Appl. Probab.},
	Mrclass = {62E17 (60F05 60F10 62E20)},
	Mrnumber = {MR2274642 (2007k:62032)},
	Mrreviewer = {Subhash C. Kochar},
	Number = {4},
	Pages = {1137--1154},
	Title = {On the asymptotic distribution of the discrete scan statistic},
	Volume = {43},
	Year = {2006}}

@article{perone,
	Author = {Perone Pacifico, M. and Genovese, C. and Verdinelli, I. and Wasserman, L.},
	Coden = {JSTNAL},
	Date-Added = {2014-08-05 13:09:17 -0700},
	Date-Modified = {2014-08-05 13:09:17 -0700},
	Fjournal = {Journal of the American Statistical Association},
	Issn = {0162-1459},
	Journal = {J. Amer. Statist. Assoc.},
	Mrclass = {62G10 (60G60)},
	Mrnumber = {MR2109490 (2005g:62080)},
	Number = {468},
	Pages = {1002--1014},
	Title = {False discovery control for random fields},
	Volume = {99},
	Year = {2004}}

@article{jiang,
	Author = {Jiang, Tiefeng},
	Coden = {APBYAE},
	Date-Added = {2014-08-05 13:09:10 -0700},
	Date-Modified = {2014-08-05 13:09:10 -0700},
	Fjournal = {The Annals of Probability},
	Issn = {0091-1798},
	Journal = {Ann. Probab.},
	Mrclass = {60F10 (60B10)},
	Mrnumber = {MR1944008 (2004c:60072)},
	Mrreviewer = {Peter Eichelsbacher},
	Number = {4},
	Pages = {1854--1892},
	Title = {Maxima of partial sums indexed by geometrical structures},
	Volume = {30},
	Year = {2002}}

@article{morel,
	Author = {Desolneux, Agn{\`e}s and Moisan, Lionel and Morel, Jean-Michel},
	Coden = {ASTSC7},
	Date-Added = {2014-08-05 13:09:02 -0700},
	Date-Modified = {2014-08-05 13:09:02 -0700},
	Fjournal = {The Annals of Statistics},
	Issn = {0090-5364},
	Journal = {Ann. Statist.},
	Mrclass = {62H35 (62H15 62M40 68T45 68U10 91E30 94A08)},
	Mrnumber = {MR2036391 (2004m:62149)},
	Mrreviewer = {Thomas M{\"u}ller-Gronbach},
	Number = {6},
	Pages = {1822--1851},
	Title = {Maximal meaningful events and applications to image analysis},
	Volume = {31},
	Year = {2003}}

@article{Naus65,
	Author = {Naus, Joseph I.},
	Date-Added = {2014-08-05 13:01:41 -0700},
	Date-Modified = {2014-08-05 13:01:41 -0700},
	Fjournal = {Journal of the American Statistical Association},
	Issn = {0162-1459},
	Journal = {J. Amer. Statist. Assoc.},
	Mrclass = {62.10 (60.10)},
	Mrnumber = {MR0183041 (32 \#523)},
	Pages = {532--538},
	Title = {The distribution of the size of the maximum cluster of points on a line},
	Volume = {60},
	Year = {1965}}

@book{glaz01,
	Address = {New York},
	Author = {Glaz, Joseph and Naus, Joseph and Wallenstein, Sylvan},
	Date-Added = {2014-08-05 13:01:41 -0700},
	Date-Modified = {2014-08-05 13:01:41 -0700},
	Isbn = {0-387-98819-X},
	Mrclass = {62-02 (62E15 62E17 62H30 62P10 62P30)},
	Mrnumber = {MR1869112 (2002m:62005)},
	Mrreviewer = {Jon Stene},
	Pages = {xvi+370 pp., loose errata},
	Publisher = {Springer-Verlag},
	Series = {Springer Series in Statistics},
	Title = {Scan statistics},
	Year = {2001}}

@article{medical-survey,
	Author = {McInerney, T. and Terzopoulos, D.},
	Date-Added = {2014-08-05 12:52:04 -0700},
	Date-Modified = {2014-08-05 12:52:04 -0700},
	Journal = {Medical Image Analysis},
	Number = {2},
	Pages = {91--108},
	Publisher = {Elsevier},
	Title = {{Deformable models in medical image analysis: a survey}},
	Volume = {1},
	Year = {1996}}

@article{deformable-review,
	Author = {Jain, A.K. and Zhong, Y. and Dubuisson-Jolly, M.P.},
	Date-Added = {2014-08-05 12:51:56 -0700},
	Date-Modified = {2014-08-05 12:51:56 -0700},
	Journal = {Signal Processing},
	Number = {2},
	Pages = {109--129},
	Publisher = {Elsevier},
	Title = {{Deformable template models: A review}},
	Volume = {71},
	Year = {1998}}

@article{Kul,
	Author = {Kulldorff, Martin},
	Coden = {CSTMDC},
	Date-Added = {2014-08-05 12:47:30 -0700},
	Date-Modified = {2014-08-05 12:47:30 -0700},
	Fjournal = {Communications in Statistics. Theory and Methods},
	Issn = {0361-0926},
	Journal = {Comm. Statist. Theory Methods},
	Mrclass = {62M30 (60G55)},
	Mrnumber = {MR1456844 (98i:62078)},
	Mrreviewer = {Salvatore Ingrassia},
	Number = {6},
	Pages = {1481--1496},
	Title = {A spatial scan statistic},
	Volume = {26},
	Year = {1997}}

@article{overview-sensor,
	Author = {Culler, D. and Estrin, D. and Srivastava, M.},
	Citeulike-Article-Id = {935733},
	Date-Added = {2014-08-05 12:44:32 -0700},
	Date-Modified = {2014-08-05 12:44:32 -0700},
	Journal = {IEEE Computer},
	Keywords = {bibtex-import},
	Number = {8},
	Pages = {41--49},
	Posted-At = {2006-11-07 19:39:41},
	Priority = {2},
	Title = {Overview of sensor networks},
	Volume = {37},
	Year = {2004}}

@article{radiation,
	Address = {Los Alamitos, CA, USA},
	Author = {Sean M. Brennan and Angela M. Mielke and David C. Torney and Arthur B. Maccabe},
	Date-Added = {2014-08-05 12:44:25 -0700},
	Date-Modified = {2014-08-05 12:44:25 -0700},
	Doi = {http://doi.ieeecomputersociety.org/10.1109/MC.2004.103},
	Issn = {0018-9162},
	Journal = {Computer},
	Number = {8},
	Pages = {57-59},
	Publisher = {IEEE Computer Society},
	Title = {Radiation Detection with Distributed Sensor Networks},
	Volume = {37},
	Year = {2004},
	Bdsk-Url-1 = {http://doi.ieeecomputersociety.org/10.1109/MC.2004.103}}

@inproceedings{brain-tumor,
	Address = {London, UK},
	Author = {Nathan Moon and Elizabeth Bullitt and Koen van Leemput and Guido Gerig},
	Booktitle = {MICCAI '02: Proceedings of the 5th International Conference on Medical Image Computing and Computer-Assisted Intervention-Part I},
	Date-Added = {2014-08-05 12:43:58 -0700},
	Date-Modified = {2014-08-05 12:43:58 -0700},
	Isbn = {3-540-44224-3},
	Pages = {372--379},
	Publisher = {Springer-Verlag},
	Title = {Automatic Brain and Tumor Segmentation},
	Year = {2002}}

@article{breast-tumor,
	Author = {James, D. and Clymer, B. D. and Schmalbrock, P.},
	Date-Added = {2014-08-05 12:43:38 -0700},
	Date-Modified = {2014-08-05 12:43:38 -0700},
	Journal = {Journal of Magnetic Resonance Imaging},
	Number = {6},
	Pages = {876--881},
	Title = {Texture detection of simulated microcalcification susceptibility effects in magnetic resonance imaging of breasts},
	Volume = {13},
	Year = {2001}}

@article{fire-detection,
	Author = {Pozo, D. and Olmo, F.J. and Alados-Arboledas, L.},
	Date-Added = {2014-08-05 12:43:33 -0700},
	Date-Modified = {2014-08-05 12:43:33 -0700},
	Journal = {Remote Sensing of Environment},
	Number = {2},
	Pages = {111--120},
	Title = {Fire Detection and Growth Monitoring Using a Multitemporal Technique on {AVHRR} Mid-Infrared and Thermal Channels},
	Volume = {60},
	Year = {1997}}

@inproceedings{artificial-natural,
	Author = {Caron, Y. and Makris, P. and Vincent, N.},
	Booktitle = {Proceedings 16th International Conference on Pattern Recognition},
	Date-Added = {2014-08-05 12:43:25 -0700},
	Date-Modified = {2014-08-05 12:43:25 -0700},
	Optaddress = {Los Alamitos, California},
	Organization = {IEEE Comput. Soc.},
	Pages = {600--603},
	Title = {A method for detecting artificial objects in natural environments},
	Volume = {1},
	Year = {2002}}

@article{wagner2001esv,
	Author = {Wagner, M.M. and Tsui, F.C. and Espino, J.U. and Dato, V.M. and Sittig, D.F. and Caruana, R.A. and Mcginnis, L.F. and Deerfield, D.W. and Druzdzel, M.J. and Fridsma, D.B.},
	Date-Added = {2014-08-05 12:43:15 -0700},
	Date-Modified = {2014-08-05 12:43:15 -0700},
	Journal = {Journal of Public Health Management and Practice},
	Number = {6},
	Pages = {51--59},
	Publisher = {ASPEN PUBLICATION},
	Title = {The Emerging Science of Very Early Detection of Disease Outbreaks},
	Volume = {7},
	Year = {2001}}

@article{heffernan2004ssp,
	Author = {Heffernan, R. and Mostashari, F. and Das, D. and Karpati, A. and Kulldorff, M. and Weiss, D.},
	Date-Added = {2014-08-05 12:43:10 -0700},
	Date-Modified = {2014-08-05 12:43:10 -0700},
	Journal = {Emerging Infectious Diseases},
	Number = {5},
	Pages = {858--864},
	Publisher = {National Center for Infectious Diseases, Centers for Disease Control and Prevention Atlanta, USA},
	Title = {{Syndromic surveillance in public health practice, New York City.}},
	Volume = {10},
	Year = {2004}}

@article{rotz2004advances,
	Author = {Rotz, L.D. and Hughes, J.M.},
	Date-Added = {2014-08-05 12:42:55 -0700},
	Date-Modified = {2014-08-05 12:42:55 -0700},
	Journal = {Nature Medicine},
	Pages = {S130--S136},
	Publisher = {Nature Publishing Group},
	Title = {{Advances in detecting and responding to threats from bioterrorism and emerging infectious disease}},
	Year = {2004}}

@article{MR2604703,
	Author = {Walther, Guenther},
	Coden = {ASTSC7},
	Date-Added = {2014-04-21 11:01:20 -0700},
	Date-Modified = {2014-04-21 11:01:20 -0700},
	Doi = {10.1214/09-AOS732},
	Fjournal = {The Annals of Statistics},
	Issn = {0090-5364},
	Journal = {Ann. Statist.},
	Mrclass = {62G10 (62H30)},
	Mrnumber = {MR2604703},
	Number = {2},
	Pages = {1010--1033},
	Title = {Optimal and fast detection of spatial clusters with scan statistics},
	Volume = {38},
	Year = {2010},
	Bdsk-Url-1 = {http://dx.doi.org/10.1214/09-AOS732},
	Bdsk-Url-2 = {http://dx.doi.org/10.1214/09-AOS732}}

@article{MGD,
	Author = {Arias-Castro, E. and Donoho, D.L. and Huo, X.},
	Date-Added = {2014-04-21 08:32:39 -0700},
	Date-Modified = {2014-04-21 08:32:39 -0700},
	Journal = {IEEE Trans. Inform. Theory},
	Number = {7},
	Pages = {2402--2425},
	Title = {Near-optimal detection of geometric objects by fast multiscale methods},
	Volume = {51},
	Year = {2005}}

@article{cluster,
	Author = {Ery Arias-Castro and Emmanuel J. Cand\`es and Arnaud Durand},
	Date-Added = {2014-04-21 08:27:01 -0700},
	Date-Modified = {2014-04-21 08:27:01 -0700},
	Journal = {Ann. Statist.},
	Number = {1},
	Pages = {278--304},
	Title = {Detection of an anomalous cluster in a network},
	Volume = {39},
	Year = {2011}}

@article{chan2006maxima,
	Author = {Chan, Hock Peng and Lai, Tze Leung},
	Journal = {The Annals of Probability},
	Number = {1},
	Pages = {80--121},
	Publisher = {Institute of Mathematical Statistics},
	Title = {Maxima of asymptotically Gaussian random fields and moderate deviation approximations to boundary crossing probabilities of sums of random variables with multidimensional indices},
	Volume = {34},
	Year = {2006}}

@article{husler1990extreme,
	Author = {Husler, J},
	Journal = {The Annals of Probability},
	Pages = {1141--1158},
	Publisher = {JSTOR},
	Title = {Extreme values and high boundary crossings of locally stationary Gaussian processes},
	Year = {1990}}

@article{kabluchko2011extremes,
	Author = {Kabluchko, Zakhar},
	Journal = {Stochastic Processes and their Applications},
	Number = {3},
	Pages = {515--533},
	Publisher = {Elsevier},
	Title = {Extremes of the standardized Gaussian noise},
	Volume = {121},
	Year = {2011}}

@inproceedings{manolakis2008signal,
	Author = {Manolakis, Dimitris},
	Booktitle = {Acoustics, Speech and Signal Processing, 2008. ICASSP 2008. IEEE International Conference on},
	Organization = {IEEE},
	Pages = {1857--1860},
	Title = {Signal processing algorithms for hyperspectral remote sensing of chemical plumes},
	Year = {2008}}

@article{pickands1969upcrossing,
	Author = {Pickands, James},
	Journal = {Transactions of the American Mathematical Society},
	Pages = {51--73},
	Title = {Upcrossing probabilities for stationary Gaussian processes},
	Volume = {145},
	Year = {1969}}

@article{siegmund1995testing,
	Author = {Siegmund, David O and Worsley, Keith J},
	Journal = {The Annals of Statistics},
	Pages = {608--639},
	Publisher = {JSTOR},
	Title = {Testing for a signal with unknown location and scale in a stationary Gaussian random field},
	Year = {1995}}

@article{qualls1973asymptotic,
	Author = {Qualls, Clifford and Watanabe, Hisao},
	Journal = {Transactions of the American Mathematical Society},
	Pages = {155--171},
	Title = {Asymptotic properties of Gaussian random fields},
	Volume = {177},
	Year = {1973}}

@book{piterbarg2012asymptotic,
	Author = {Piterbarg, Vladimir I},
	Publisher = {American Mathematical Soc.},
	Title = {Asymptotic methods in the theory of Gaussian processes and fields},
	Volume = {148},
	Year = {2012}}

@article{arratia1989two,
	Author = {Arratia, Richard and Goldstein, Larry and Gordon, Louis and others},
	Journal = {The Annals of Probability},
	Number = {1},
	Pages = {9--25},
	Publisher = {Institute of Mathematical Statistics},
	Title = {Two moments suffice for Poisson approximations: the Chen-Stein method},
	Volume = {17},
	Year = {1989}}

@book{marcus2006markov,
	Author = {Marcus, Michael B and Rosen, Jay},
	Number = {100},
	Publisher = {Cambridge University Press},
	Title = {Markov processes, Gaussian processes, and local times},
	Year = {2006}}

@book{nussbaumer1982fast,
	Author = {Nussbaumer, Henri J},
	Publisher = {Springer},
	Title = {Fast Fourier transform and convolution algorithms},
	Year = {1982}}

@article{amuarioarei2015approximation,
  title={Approximation for the distribution of three-dimensional discrete scan statistic},
  author={Am{\u{a}}rioarei, Alexandru and Preda, Cristian},
  journal={Methodology and Computing in Applied Probability},
  volume={17},
  number={3},
  pages={565--578},
  year={2015},
  publisher={Springer}
}
		